

@book{Gilewska1,
author = {Teresea Gilewska},
publisher = {Eyrolles},
Title = {Coupe à plat les bases},
series = {Le modélisme de mode},
volume=1,
Year = {2008},
}

@book{Gilewska2,
Author = {Teresea Gilewska},
publisher = {Eyrolles},
Title = {Coupe à plat les transformations},
series={Le modélisme de mode},
volume=2,
Year = {2008},
}



@book{Gilewska4,
Author = {Teresea Gilewska},
publisher = {Eyrolles},
Title = {Montage et finition des vêtements},
Year = {2011},
series={Le modélisme de mode},
volume=5
}

@book{Gilewska5,
Author = {Teresea Gilewska},
publisher = {Eyrolles},
Title = {Coupe à plat et montage homme},
series={Le modélisme de mode},
volume=5,
Year = {2013}
}

@book{Wargnier2012,
  title={Le v{\^e}tement masculin: les bases du v{\^e}tement de ville et de sport},
  author={Wargnier, C. and Gonnet, I.},
  isbn={9782909617305},
  series={Become a Pattern Drafter Series},
  year={2012},
  publisher={Esmod Editions}
}

@book{Chiappetta1998,
  title={Pr{\^e}t {\`a} porter et sur mesure pour le bébé et l'enfant},
  author={Chiappetta, J.},
  volume={3},
  isbn={9782878671254},
  series={La coupe {\`a} plat},
  year={1998},
  publisher={Presses du midi}
}


@book{Chiappetta2000,
  title={Pr{\^e}t {\`a} porter et sur mesure pour l'homme},
  author={Chiappetta, J.},
  volume={4},
  isbn={2-87867-269-0},
  series={La coupe {\`a} plat},
  year={2000},
  publisher={Presses du midi}
}

@book{Donnanno2016,
  title={How to make shirts, undergarments, dresses and suits, waistcoats and jackets for women and men},
  author={Donnanno, A. and Drudi, E.K.},
  series={Fashion Patternmaking Techniques},
  year={2016},
  volume ={3},
  publisher={Promopress}
}

@book{Donnanno2005,
  title={How to make skirts, trousers and shirts for women and men},
  author={Donnanno, A. and Drudi, E.K.},
  series={Fashion Patternmaking Techniques},
  volume={1},
  year={2005},
  publisher={Promopress}
}
